<record><leader>00000cas a22000007a 4500</leader><controlfield tag="001">15794621</controlfield><controlfield tag="008">870601d17961798njuwr ne      0    0eng d</controlfield><datafield ind1=" " ind2=" " tag="010"><subfield code="a">sn 87068075 </subfield></datafield><datafield ind1=" " ind2=" " tag="040"><subfield code="a">NJW</subfield><subfield code="b">eng</subfield><subfield code="c">NJW</subfield><subfield code="d">MGN</subfield><subfield code="d">OCLCQ</subfield></datafield><datafield ind1=" " ind2=" " tag="042"><subfield code="a">msc</subfield></datafield><datafield ind1="0" ind2="4" tag="245"><subfield code="a">The Farmer's journal, and Newton advertiser.</subfield></datafield><datafield ind1="3" ind2="0" tag="246"><subfield code="a">Farmer's journal &amp; Newton advertiser</subfield></datafield><datafield ind1=" " ind2=" " tag="260"><subfield code="a">Newton [N.J.] :</subfield><subfield code="b">Printed by Eliot Hopkins and William Hurtin</subfield></datafield><datafield ind1=" " ind2=" " tag="300"><subfield code="a">v.</subfield></datafield><datafield ind1=" " ind2=" " tag="310"><subfield code="a">Weekly</subfield></datafield><datafield ind1="1" ind2=" " tag="362"><subfield code="a">Began Jan. 8, 1796? Ceased in 1798?</subfield></datafield><datafield ind1=" " ind2=" " tag="500"><subfield code="a">Title varies slightly.</subfield></datafield><datafield ind1=" " ind2=" " tag="588"><subfield code="a">Description based on: Vol. 1, no. 5 (Feb. 5, 1796).</subfield></datafield><datafield ind1=" " ind2=" " tag="752"><subfield code="a">United States</subfield><subfield code="b">New Jersey</subfield><subfield code="c">Sussex</subfield><subfield code="d">Newton.</subfield></datafield></record>